@misc{Lens,
  author = {MesserWoland},
  title = {{Dwa promienie}},
  howpublished = "\url{https://pl.wikipedia.org/wiki/Soczewkowanie_grawitacyjne#/media/%Plik:Dwa_promienie.svg}",
  year = {2006}, 
  note = "[Online; accessed 20-September-2006]"
}
@misc{Horseshoe,
  author = {ESA/Hubble and NASA},
  title = {{A Horseshoe Einstein Ring from Hubble}},
  howpublished = "\url{https://en.wikipedia.org/wiki/File:A_Horseshoe_Einstein_Ring_from_Hubble.JPG}",
  year = {2011}, 
  note = "[Online; accessed 21-December-2011]"
}
@misc{Cross,
  author = {NASA, ESA and STScI},
  title = {{Einstein Cross}},
  howpublished = "\url{https://pl.wikipedia.org/wiki/Krzy%C5%BC_Einsteina#/media/Plik:Einstein_cross.jpg}",
  year = {1990}, 
  note = "[Online; accessed 13-September-1990]"
}
@misc{Skowron,
  author = "Jan Skowron",
  title = "Analiza niestandardowych zjawisk mikrosoczewkowania grawitacyjnego gwiazd Galaktyki",
  year = "2009",
  note = "Rozprawa doktorska napisana w Obserwatorium Astronomicznym Uniwersytetu Warszawskiego pod kierunkiem prof. dr. hab. Michała Jaroszyńskiego"
 }